@inproceedings{BM10,
  author    = {Robert K. Brayton and
               Alan Mishchenko},
  title     = {{ABC:} An Academic Industrial-Strength Verification Tool},
  booktitle = {Computer Aided Verification},
  pages     = {24--40},
  year      = 2010
}

@inproceedings{FTR07,
  author    = {K. Fazel and M. A. Thornton and J. E. Rize},
  title     = {{ESOP}-based {Toffoli} gate cascade generation},
  booktitle = {Pacific Rim Conference on Communications, Computers and Signal Processing},
  pages     = {206--209},
  year      = 2007
}

@inproceedings{MP01,
  author    = {Alan Mishchenko and Marek Perkowski},
  title     = {Fast heuristic minimization of exclusive sum-of-products},
  booktitle = {Int'l Reed-Muller Workshop},
  year      = 2001
}

@article{SFWD12,
  author    = {Mathias Soeken and
               Stefan Frehse and
               Robert Wille and
               Rolf Drechsler},
  title     = {{RevKit}: {A} Toolkit for Reversible Circuit Design},
  journal   = {Multiple-Valued Logic and Soft Computing},
  volume    = 18,
  number    = 1,
  pages     = {55--65},
  year      = 2012
}

@inproceedings{WG13,
  author    = {Clifford Wolf and Johann Glaser},
  title     = {Yosys - {A} free {Verilog} synthesis suite},
  booktitle = {Austrochip},
  year      = 2013
}

@article{SWK+16,
  author    = {Soeken, Mathias and Wille, Robert and Keszocze, Oliver and Miller, D. Michael and Drechsler, Rolf},
  title     = {Embedding of large {Boolean} functions for reversible logic},
  journal   = {J. Emerg. Techn. in Comp. Systems},
  year      = 2016,
  volume    = 12,
  number    = {4},
  pages     = {41}
}

@inproceedings{SDM16,
  author    = {Soeken, Mathias and Dueck, Gerhard W. and Miller, D. Michael},
  title     = {A fast symbolic transformation based algorithm for reversible logic synthesis},
  booktitle = {Int'l Conf. on Reversible Computation},
  year      = 2016
}

@inproceedings{SWD10,
  author    = {Mathias Soeken and
               Robert Wille and
               Rolf Drechsler},
  title     = "{Hierarchical synthesis of reversible circuits using positive and negative
               Davio decomposition}",
  booktitle = {Int'l Design and Test Workshop},
  pages     = {143--148},
  year      = {2010}
}

@inproceedings{SC16,
  author    = {Mathias Soeken and
               Anupam Chattopadhyay},
  title     = {Unlocking efficiency and scalability of reversible logic synthesis
               using conventional logic synthesis},
  booktitle = {Proc. DAC},
  pages     = {149:1--149:6},
  year      = {2016}
}



@techreport{Soeken16,
  author =       {Mathias Soeken and others},
  title =        {State of the Art Report Working Group 3: Reversible logic synthesis},
  institution =  {COST Action IC1405: Reversible Computation - Extending Horizons of Computing},
  year =         {2016},
  note =         {https://github.com/COST-IC1405/wg3-soar-report},
}

@article{GWDD09,
  author    = {Daniel Gro{\ss}e and
               Robert Wille and
               Gerhard W. Dueck and
               Rolf Drechsler},
  title     = {Exact Multiple-Control {Toffoli} Network Synthesis With {SAT} Techniques},
  journal   = {{IEEE} Trans. {CAD} of Int. Circ. and Syst.},
  volume    = {28},
  number    = {5},
  pages     = {703--715},
  year      = {2009}
}

@inproceedings{MMD03,
  author    = {D. Michael Miller and
               Dmitri Maslov and
               Gerhard W. Dueck},
  title     = {A transformation based algorithm for reversible logic synthesis},
  booktitle = {DAC},
  pages     = {318--323},
  year      = 2003
}

@article{Bennett73,
  author    = {Charles Henry Bennett},
  title     = {Logical Reversibility of Computation},
  journal   = {IBM Jrnl. of Research and Development},
  volume    = 17,
  pages     = {525--532},
  year      = 1973
}

@inproceedings{Toffoli80,
  title     = {Reversible computing},
  author    = {Toffoli, Tommaso},
  booktitle = {Int'l Colloquium on Automata, Languages, and Programming},
  pages     = {632--644},
  year      = 1980
}

@inproceedings{Valiron16,
  author    = {Beno{\^{\i}}t Valiron},
  title     = {Generating Reversible Circuits from Higher-Order Functional Programs},
  booktitle = {Int'l Conf. on Reversible Computation},
  pages     = {289--306},
  year      = {2016}
}

@inproceedings{AGM14,
  author    = {Luca Gaetano Amar{\`{u}} and
               Pierre{-}Emmanuel Gaillardon and
               De Micheli, Giovanni},
  title     = {Majority-Inverter Graph: {A} Novel Data-Structure and Algorithms for
               Efficient Logic Optimization},
  booktitle = {Proc. DAC},
  pages     = {194:1--194:6},
  year      = 2014
}

@inproceedings{HSA+16,
  author    = {Haaswijk, Winston and Soeken, Mathias and Amarù, Luca Gaetano and Gaillardon, Pierre-Emmanuel and De Micheli, Giovanni},
  title     = {A novel basis for logic rewriting},
  booktitle = {Asia and South Pacific Design Automation Conference},
  year      = 2017
}


@article{AMMR13,
  author    = {Matthew Amy and
               Dmitri Maslov and
               Michele Mosca and
               Martin Roetteler},
  title     = {A Meet-in-the-Middle Algorithm for Fast Synthesis of Depth-Optimal
               Quantum Circuits},
  journal   = {{IEEE} Trans. {CAD} of Int. Circ. and Syst.},
  volume    = 32,
  number    = 6,
  pages     = {818--830},
  year      = 2013
}

@article{BBC+95,
  title   = {Elementary gates for quantum computation},
  author  = {Barenco, Adriano and others},
  journal = {Phys. Rev. A},
  volume  = 52,
  issue   = 5,
  pages   = {3457--3467},
  year    = 1995
}

@article{Selinger13,
  title   = {Quantum circuits of {$T$}-depth one},
  author  = {Selinger, Peter},
  journal = {Phys. Rev. A},
  volume  = 87,
  issue   = 4,
  pages   = 042302,
  year    = 2013
}

@inproceedings{AASD16,
  author    = {Nabila Abdessaied and
               Matthew Amy and
               Mathias Soeken and
               Rolf Drechsler},
  title     = {Technology Mapping of Reversible Circuits to {Clifford}+{$T$} Quantum Circuits},
  booktitle = {Int'l Symp. on Multiple-Valued Logic},
  pages     = {150--155},
  year      = 2016
}

@article{DLF+16,
  author    = {S. Debnath and N. M. Linke and C. Figgatt and K. A. Landsman and K. Wright	and C. Monroe},
  title     = {Demonstration of a small programmable quantum computer with atomic qubits},
  journal   = {Nature},
  volume    = 536,
  issue     = 7614,
  pages     = {63--66},
  year      = 2016
}

@article{MMS+16,
  author   = {Esteban A. Martinez and Christine A. Muschik and Philipp Schindler and Daniel Nigg and Alexander Erhard and Markus Heyl and Philipp Hauke and Marcello Dalmonte and Thomas Monz and Peter Zoller and Rainer Blatt},
  title    = {Real-time dynamics of lattice gauge theories with a few-qubit quantum computer},
  journal  = {Nature},
  volume   = 534,
  issue    = 7608,
  pages    = {516--519},
  year     = 2016
}

@article{MBK+16,
  title    = {Scalable Quantum Simulation of Molecular Energies},
  author   = {O'Malley, P. J. J. and others},
  journal  = {Phys. Rev. X},
  volume   = 6,
  issue    = 3,
  pages    = 031007,
  year     = 2016
}

@inproceedings{GFM10,
  author    = {Oleg Golubitsky and
               Sean M. Falconer and
               Dmitri Maslov},
  title     = {Synthesis of the optimal 4-bit reversible circuits},
  booktitle = {Proc. DAC},
  pages     = {653--656},
  year      = 2010
}

@article{TVM16,
  author    = {Himanshu Thapliyal and T.S.S. Varun and Edgard Munoz-Coreas},
  title     = {Quantum Circuit Design of Integer Division Optimizing Ancillary Qubits and T-Count},
  journal   = {arXiv},
  volume    = {1609.01241},
  year      = 2016
}

@article{WBL12,
  title={Quantum algorithm for data fitting},
  author={Wiebe, Nathan and Braun, Daniel and Lloyd, Seth},
  journal={Physical review letters},
  volume={109},
  number={5},
  pages={050505},
  year={2012},
  publisher={APS}
}

@article{HHL09,
  title={Quantum algorithm for linear systems of equations},
  author={Harrow, Aram W and Hassidim, Avinatan and Lloyd, Seth},
  journal={Phys.~Rev.~Lett.},
  volume={103},
  number={15},
  pages={150502},
  year={2009},
  publisher={APS}
}

@article{WR16,
  title={Quantum arithmetic and numerical analysis using Repeat-Until-Success circuits},
  author={Wiebe, Nathan and Roetteler, Martin},
  journal={Quantum Information and Communication},
  volume={16},
  pages={134--178},
  year={2016},
  publisher={Rinton Press}
}

@article{BHP+15,
  title={Quantum Algorithms and Circuits for Scientific Computing},
  author={Bhaskar, Mihir K and Hadfield, Stuart and Papageorgiou, Anargyros and Petras, Iasonas},
  journal={arXiv:1511.08253},
  year={2015}
}

@article{CDK+04,
  title={A new quantum ripple-carry addition circuit},
  author={Cuccaro, Steven A and Draper, Thomas G and Kutin, Samuel A and Moulton, David Petrie},
  journal={arXiv quant-ph/0410184},
  year={2004}
}

@article{Hellerman63,
  author    = {Leo Hellerman},
  title     = {A Catalog of Three-Variable {Or}-Invert and {And}-Invert Logical Circuits},
  journal   = {{IEEE} Trans. Electronic Computers},
  volume    = {12},
  number    = {3},
  pages     = {198--223},
  year      = {1963}
}

@article{KPKG02,
  author    = {Andreas Kuehlmann and
               Viresh Paruthi and
               Florian Krohm and
               Malay K. Ganai},
  title     = {Robust {Boolean} reasoning for equivalence checking and functional property
               verification},
  journal   = {{IEEE} Trans. {CAD} of Int. Circ. and Syst.},
  volume    = {21},
  number    = {12},
  pages     = {1377--1394},
  year      = {2002}
}

@article{MDM07,
  author    = {Dmitri Maslov and
               Gerhard W. Dueck and
               D. Michael Miller},
  title     = "{Techniques for the synthesis of reversible Toffoli networks}",
  journal   = {{ACM} Trans. Design Autom. Electr. Syst.},
  volume    = {12},
  number    = {4},
  year      = {2007}
}

@article{Maslov16,
  title   = {Advantages of using relative-phase {Toffoli} gates with an application to multiple control {Toffoli} optimization},
  author  = {Maslov, Dmitri},
  journal = {Phys. Rev. A},
  volume  = {93},
  issue   = {2},
  pages   = {022311},
  year = {2016}
}

@article{cross2015quantum,
  title={Quantum learning robust against noise},
  author={Cross, Andrew W and Smith, Graeme and Smolin, John A},
  journal={Physical Review A},
  volume={92},
  number={1},
  pages={012327},
  year={2015},
  publisher={APS}
}

@article{o2016scalable,
  title={Scalable Quantum Simulation of Molecular Energies},
  author={O'Malley, P. and Babbush, R. and Kivlichan, I. and Romero, J. and McClean, J. and Barends, R. and Kelly, J. and Roushan, P. and Tranter, A. and Ding, N. and others},
  journal={Physical Review X},
  volume={6},
  number={3},
  pages={031007},
  year={2016},
  publisher={American Physical Society}
}

@article{benedetti2016estimation,
  title={Estimation of effective temperatures in quantum annealers for sampling applications: A case study with possible applications in deep learning},
  author={Benedetti, Marcello and Realpe-G{\'o}mez, John and Biswas, Rupak and Perdomo-Ortiz, Alejandro},
  journal={Physical Review A},
  volume={94},
  number={2},
  pages={022308},
  year={2016},
  publisher={American Physical Society}
}

@article{barends2014superconducting,
  title={Superconducting quantum circuits at the surface code threshold for fault tolerance},
  author={Barends, R and Kelly, J and Megrant, A and Veitia, A and Sank, D and Jeffrey, E and White, TC and Mutus, J and Fowler, AG and Campbell, B and others},
  journal={Nature},
  volume={508},
  number={7497},
  pages={500--503},
  year={2014},
  publisher={Nature Publishing Group}
}

@article{babbush2015exponentially,
  title="{Exponentially more precise quantum simulation of fermions II: Quantum chemistry in the CI matrix representation}",
  author={Babbush, Ryan and Berry, Dominic W and Kivlichan, Ian D and Wei, Annie Y and Love, Peter J and Aspuru-Guzik, Al{\'a}n},
  journal={arXiv preprint arXiv:1506.01029},
  year={2015}
}

@article{harrow2009quantum,
  title={Quantum algorithm for linear systems of equations},
  author={Harrow, Aram W and Hassidim, Avinatan and Lloyd, Seth},
  journal={Physical review letters},
  volume={103},
  number={15},
  pages={150502},
  year={2009},
  publisher={APS}
}

@article{kivlichan2016bounding,
  title={Bounding the costs of quantum simulation of many-body physics in real space},
  author={Kivlichan, Ian D and Wiebe, Nathan and Babbush, Ryan and Aspuru-Guzik, Alan},
  journal={arXiv preprint arXiv:1608.05696},
  year={2016}
}

@article{parent2015reversible,
  title={Reversible circuit compilation with space constraints},
  author={Parent, Alex and Roetteler, Martin and Svore, Krysta M},
  journal={arXiv preprint arXiv:1510.00377},
  year={2015}
}

@article{amy2016verified,
  title={Verified compilation of space-efficient reversible circuits},
  author={Amy, Matthew and Roetteler, Martin and Svore, Krysta},
  journal={arXiv preprint arXiv:1603.01635},
  year={2016}
}

@article{wiebe2016quantum,
  title={Quantum deep learning},
  author={Wiebe, Nathan and Kapoor, Ashish and Svore, Krysta M},
  journal={Quantum Information and Computation},
  volume={16},
  pages={0541--0587},
  year={2016},
  publisher={Rinton Press}
}

@article{lloyd2016quantum,
  title={Quantum algorithms for topological and geometric analysis of data},
  author={Lloyd, Seth and Garnerone, Silvano and Zanardi, Paolo},
  journal={Nature communications},
  volume={7},
  year={2016},
  publisher={Nature Publishing Group}
}

@Article{Oemer:2005,
  author = 	 {Oemer, Bernhard},
  title = 	 {Classical concepts in quantum programming},
  journal = 	 {International Journal of Theoretical Physics},
  year = 	 2005,
  volume = 	 44,
  number = 	 7,
  pages = 	 {943--955}}

@Book{NC:2000,
  Address = {Cambridge, UK},
  Author = {Nielsen, M.~A. and Chuang, I.~L.},
  Publisher = {Cambridge University Press},
  Title = { Quantum Computation and Quantum Information},
  Year = 2000}

@InProceedings{GLR+:2013a,
  author = 	 {Green, A.~S. and {LeFanu Lumsdaine}, P. and Ross, N.~J. and Selinger, P. and Valiron, B.},
  title = 	 "{An introduction to quantum programming in Quipper}",
  booktitle = {Proc. Reversible Computation (RC'13)},
  year = 	 2013,
  publisher = {ACM}}

@InProceedings{GLR+:2013b,
  author = 	 {Green, A.~S. and {LeFanu Lumsdaine}, P. and Ross, N.~J. and Selinger, P. and Valiron, B.},
  title = 	 "{Quipper: a scalable quantum programming language}",
  booktitle = {Proc. Conference on Programming Language Design and Implementation (PLDI'13)},
  year = 	 2013,
  publisher = {ACM}}

@InProceedings{LST+:2013,
  author =    {Lapets, A. and {da Silva}, M. and Thome, M. and Adler, A. and Beal, J. and Roetteler, M.}, 
  title =     "{QuaFL: A typed DSL for quantum programming}",
  booktitle = "{Proceedings of Workshop on Functional Programming Concepts 
                in Domain-Specific Languages (FPCDSL'13)}", 
  year = 	2013,
  publisher = {ACM Press},
  pages     = {19--26}}

@InProceedings{LR:2013,
  author =    {Lapets, A. and Roetteler, M.}, 
  title =     "{Abstract resource cost derivations for logical quantum 
               circuit descriptions}",
  booktitle = "{Proceedings of Workshop on Functional Programming Concepts 
                in Domain-Specific Languages (FPCDSL'13)}", 
  year = 	2013,
  publisher = {ACM Press},
  pages     = {35--42}}

@InCollection{AG:2009,
  author =    {Altenkirch, Th. and Green, A.~S.}, 
  title =     "{The quantum IO monad}",
  booktitle = "{Semantic Techniques in Quantum Computation}", 
  editor =    "{S. Gay and I. Mackie}",
  year = 	2009,
  publisher = {Cambridge University Press},
  pages     = {173--205}}

@InCollection{SV:2009,
  author =    {Selinger, P. and Valiron, B.}, 
  title =     "{Quantum lambda calculus}",
  booktitle = "{Semantic Techniques in Quantum Computation}", 
  editor =    "{S. Gay and I. Mackie}",
  year = 	2009,
  publisher = {Cambridge University Press},
  pages     = {135--172}}

@PhdThesis{Omer:2000,
  author = 	 {{\"O}mer, B.},
  title = 	 "{Quantum programming in QCL}",
  school = 	 {Technical University of Vienna},
  year = 	 2000,
  type = 	 {Master's thesis}}

@Unpublished{WS:2014,
  author = 	 {Wecker, D. and Svore, K.},
  title = 	 "{LIQ{\em ui}$|\rangle$: a software design architecture and domain-specific language for quantum computing}",
  note = 	 {arXiv.org preprint arXiv:1402.4467}}

@Unpublished{Knill:95,
  author = 	 {Knill, E.},
  title = 	 "{An analysis of Bennett's pebble game}",
  note = 	 {arXiv.org preprint quant-ph/9508218}}

@Book{Perumalla:2014,
  author = 	 {Perumalla, K.~S.},
  title = 	 {Introduction to Reversible Computing},
  publisher = 	 {CRC Press},
  year = 	 2014}


@InProceedings{YAG:2008a,
  author = 	 {Yokoyama, T. and Axelsen, H.~B. and Gl\"{u}ck, R.},
  title = 	 {Principles of a reversible programming language},
  booktitle = {Proceedings of the 5th conference on Computing frontiers (CF'08)},
  year = 	 2008,
  pages = 	 {43--54},
  publisher = {ACm Press}}


@Unpublished{FA:2001,
  author = 	 {Frank. M.~P. and Ammer, M.~J.},
  title = 	 "{Separations of reversible and irreversible space-time complexity classes}",
  note = 	 {Manuscript available from \texttt{http://www.eng.fsu.edu/~mpf/revsep.pdf}}
}

@Unpublished{Williams:2000,
  author = 	 {Williams, R.~R.},
  title = 	 "{Space-efficient reversible simulations}",
  note = 	 {Manuscript available from \texttt{http://www.researchgate.net/publication/2523882}}
}

@PhdThesis{Frank:99,
  author = 	 {Frank, M.~P.},
  title = 	 {Reversibility for efficient computation},
  school = 	 {Massachusetts Institute of Technology},
  year = 	 1999}

@article{LMT:2000,
  author = 	 {Lange, K.~-J. and McKenzie, P. and Tapp, A.},
  title = 	 {Reversible space equals deterministic space},
  journal   = {J. Comput. Syst. Sci.},
  volume    = 60,
  number    = 2,
  pages     = {354--367},
  year      = 2000,
}

@InProceedings{YG:2007,
  author = 	 {Yokoyama, T. and Gl{\"u}ck, R.},
  title = 	 {A reversible programming language and its invertible self-interpreter},
  booktitle = {Proc. Workshop on Partial Evaluation and Semantics-based Program Manipulation (PEPM'07)},
  year = 	 2007,
  pages = 	 {144--153},
  publisher = {ACM}}

@InProceedings{Thomsen:2012,
  author = 	 {Thomsen, M.~K.},
  title = 	 {A functional language for describing reversible logic},
  booktitle = {Proc. Forum on Specification and Design Languages (FDL'12)},
  year = 	 2012,
  pages = 	 {135--142},
  publisher = {IEEE}}


@Article{SM:2013,
  author = 	 {Saeedi, M. and Markov, I.~L.},
  title = 	 {Synthesis and optimization of reversible circuits - a survey},
  journal = 	 {ACM Comput. Surv.},
  year = 	 2013,
  volume = 	 45,
  number = 	 2,
  pages = 	 21}

@Article{GM:2012,
  author = 	 {Golubitsky, O. and Maslov, D.},
  title = 	 "{A study of optimal 4-bit reversible Toffoli circuits and their synthesis}",
  journal = 	 {IEEE Trans. Computers},
  year = 	 2012,
  volume = 	 61,
  number = 	 9,
  pages = 	 {1341--1353}}

@Article{MS:2011,
  author = 	 {Maslov, D. and Saeedi, M.},
  title = 	 "{Reversible circuit optimization via leaving the Boolean domain}",
  journal = 	 {IEEE Trans. on CAD of Integrated Circuits and Systems},
  year = 	 2011,
  volume = 	 30,
  number = 	 6,
  pages = 	 {806--816}}

@Article{MSM:2007,
  author = 	 {Maslov, D. and Dueck, G.~W. and Miller, D.~M.},
  title = 	 "{Techniques for the synthesis of reversible Toffoli networks}",
  journal = 	 {ACM Trans. Design Autom. Electr. Syst.},
  year = 	 2007,
  volume = 	 12,
  number = 	 4}

@Article{MDM:2005,
  author = 	 {Maslov, D. and Dueck, G.~W. and Miller, D.~M.},
  title = 	 {Toffoli network synthesis with templates},
  journal = 	 {IEEE Trans. on CAD of Integrated Circuits and Systems},
  year = 	 2005,
  volume = 	 24,
  number = 	 6,
  pages = 	 {807--817}}

@Book{WD:2010,
  author = 	 {Wille, R. and Drechsler, R.},
  title = 	 {Towards a Design Flow for Reversible Logic.},
  publisher = 	 {Springer},
  year = 	 2010}

@Unpublished{JFJ+:2012,
  author = 	 {{Javadi Abhari}, A. and Faruque, A. and {Javad Dousti}, M. and Svec, L. and Catu, O. and Chakrabati, A. and Chiang, Ch.-F. and Vanderwilt, S. and Black, J. and Chong, F.~T. and Martonosi, M. and Suchara, M. and Brown, K. and Pedram, M. and Brun, T.},
  title = 	 "{Scaffold: quantum programming language}",
  note = 	 "{Princeton University Technical Report}",
  year =         2012}

@Article{KPK+:2015,
  author = 	 {JavadiAbhari, A. and Patil, S. and Kudrow, D. and Heckey, J. and Lvov, A. and Chong, F.~T. and Martonosi, M.},
  title = 	 "{ScaffCC: Scalable compilation and analysis of quantum programs}",
  journal = 	 {Parallel Computing},
  year = 	 2015,
  volume = 	 45,
  pages = 	 {2--17}}

@InProceedings{HPJ+:2015,
  author = 	 {Heckey, J. and Patil, S. and {Javadi Abhari}, A. and Holmes, A. and Kudrow, D. and Brown, K.~R. and Franklin, D. and Chong, F.~T. and Martonosi, M.},
  title = 	 {Compiler Management of Communication and Parallelism for Quantum Computation},
  booktitle = {Proceedings of the Twentieth International Conference on Architectural Support for Programming Languages and Operating Systems (ASPLOS'15)},
  year = 	 2015,
  pages = 	 {445--456},
  publisher = {ACM}}

@InProceedings{SSP:2013,
  author = 	 {Shafaei, A. and Saeedi, M. and Pedram, M.},
  title = 	 {Reversible logic synthesis of $k$-input, $m$-output lookup tables},
  booktitle = {In: Proceedings of the Conference on Design, Automation and Test in Europe (DATE'13)},
  year = 	 2013,
  pages = 	 {1235--1240}}

@Article{LJ:2014,
  author = 	 {Lin, C.-C. and Jha, N.~K.},
  title = 	 "{RMDDS: Reed-Muller decision diagram synthesis of reversible logic circuits}",
  journal = 	 {ACM Journal on Emerging Technologies in Computing Systems},
  year = 	 2014,
  volume = 	 10,
  number = 	 2,
  pages = 	 14}

@Article{Markov:2014,
  author = 	 {Markov, I.~L.},
  title = 	 {Limits on fundamental limits to computation},
  journal = 	 {Nature},
  year = 	 2014,
  volume = 	 512,
  pages = 	 {147--154}}

@Article{Bennett:73,
  author =       {Bennett, C.~H.},
  title =        {Logical reversibility of computation},
  journal =      {IBM Journal of Research and Development},
  year =         1973,
  volume =       17,
  pages =        {525--532}}

@Article{Bennett:89,
  author =       {Bennett, C.~H.},
  title =        {Time/Space trade-offs for reversible computation},
  journal =      {SIAM Journal on Computing},
  year =         1989,
  volume =       18,
  pages =        {766--776}}

@inproceedings{YAG:2008b,
  author    = {Yokoyama, T. and Axelsen, H.~B. and Gl{\"{u}}ck, R.},
  title     = {Reversible Flowchart Languages and the Structured Reversible Program
               Theorem},
  booktitle = {Proceedings 35th International Colloquium on Automata, Languages and Programming (ICALP'08)},
  pages     = {258--270},
  year      = {2008}
}

@inproceedings{MBC:2008,
  title={Boolean factoring and decomposition of logic networks},
  author={Mishchenko, A. and Brayton, R. and Chatterjee, S.},
  booktitle={Proceedings of the 2008 IEEE/ACM International Conference on Computer-Aided Design},
  pages={38--44},
  year={2008},
  organization={IEEE Press}}

@inproceedings{GM:99,
  title={Factoring logic functions using graph partitioning},
  author={Golumbic, M.~C and Mintz, A.},
  booktitle={Proceedings of the 1999 IEEE/ACM international conference on Computer-aided design},
  pages={195--199},
  year={1999},
  organization={IEEE Press}}

@Article{BCD+:96,
  author = 	 {Beckman, D. and Chari, A.~N. and Devabhaktuni, S. and Preskill, J.},
  title = 	 {Efficient Networks for Quantum Factoring},
  journal = 	 {Phys. Rev. A},
  year = 	 1996,
  volume = 	 54,
  pages = 	 {1034--1063}}

@Article{Shor:97,
 author =       {Shor, P.~W.},
 title =        "Polynomial-time algorithms for prime factorization and discrete logarithms on a quantum computer",
 journal =      {SIAM Journal on Computing},
 year =         1997,
 volume =       26,
 number =       5,
 pages =        {1484--1509}}

@Unpublished{CDKM:2004,
  author = 	 {Cuccaro, S.~A. and Draper, Th.~G and Kutin, S.~A. and Moulton, D.~P.},
  title = 	 {A new quantum ripple-carry addition circuit},
  note = 	 {arXiv preprint quant-ph/0410184},
  year =         2004}

@article{DKR+06,
  title={A logarithmic-depth quantum carry-lookahead adder},
  author={Draper, Th.~G and Kutin, S.~A and Rains, E.~M and Svore, K.~M},
  journal={Quantum Information \& Computation},
  volume={6},
  number={4},
  pages={351--369},
  year={2006},
  publisher={Rinton Press, Incorporated}}

@Article{MMD:2007,
  author = 	 {Maslov, D. and Miller, D.~M. and Dueck, G.~W.},
  title = 	 "{Techniques for the synthesis of reversible Toffoli networks}",
  journal = 	 {ACM Transactions on Design Automation of Electronic Systems},
  year = 	 2007,
  volume = 	 12,
  number = 	 4,
  pages = 	 42}

@inproceedings{MMD:2003,
  author    = {Miller, D.~M. and Maslov, D. and Dueck, G.~W.},
  title     = {A transformation based algorithm for reversible logic synthesis},
  booktitle = {Proceedings of the 40th Design Automation Conference (DAC'03)},
  year      = 2003,
  pages     = {318-323}}

@Book{MOV:97,
  author = 	 {Menezes, A.~J. and van Oorschot, P.~C. and Vanstone, S.~A.},
  title = 	 {Handbook of Applied Cryptography},
  publisher = 	 {CRC Press},
  year = 	 1997,
  note = 	 {See also the Wikipedia entry http://en.wikipedia.org/wiki/MD5}}

@Misc{SHA,
  title = 	 {Federal Information Processing Standards Publication 180-2},
  publisher = 	 {NIST},
  year = 	 2002,
  note = 	 {See also the Wikipedia entry http://en.wikipedia.org/wiki/SHA-2}}

@Book{HP:90,
  author = 	 {Hennessey, J.~L. and Patterson, D.~A.},
  title = 	 {Computer architecture: a quantitative approach},
  publisher = 	 {Morgan Kauffmann},
  year = 	 1990}

@Book{ALS+:2007,
  author = 	 {Aho, A.~V. and Lam, M.~S. and Sethi, R. and Ullman, J.~D.},
  title = 	 {Compilers: Principles, Techniques, and Tools},
  publisher = 	 {Addison Wesley},
  year = 	 2007}

@Book{Muchnick:97,
  author = 	 {Muchnick, S.~S.},
  title = 	 {Compiler design and implementation},
  publisher = 	 {Morgan Kaufmann},
  year = 	 1997}

@Book{SGC:2012,
  author = 	 {Syme, D. and Granicz, A. and Cisternino, A.},
  title = 	 "{Expert F$\#$ 3.0}",
  publisher = 	 {Apress Publishing},
  year = 	 2012}

@PhdThesis{Chan:2013,
  author = 	 {Chan, S.~M.},
  title = 	 {Pebble games and complexity},
  school = 	 {Electrical Engineering and Computer Science, UC Berkeley},
  year = 	 2013,
  note = 	 {Tech report: EECS-2013-145}}

@InProceedings{BTV:2001,
  author = 	 {Buhrman, H. and Tromp, J. and Vit\'{a}nyi, P.~M.~B},
  title = 	 {Time and Space Bounds for Reversible Simulation},
  booktitle = {Proc. ICALP 2001},
  year = 	 2001,
  pages = 	 {1017--1027}}

@inproceedings{LV:96,
  author    = {Li, M. and Vit{\'{a}}nyi, P.~M.~B},
  title     = {Reversible simulation of irreversible computation},
  booktitle = {Proceedings of the 11th Annual {IEEE} Conference on Computational
               Complexity (CCC'96)},
  pages     = {301--306},
  year      = 1996
}

@Unpublished{blif,
  title = 	 "{Berkeley Logic Interchange Format (BLIF)}",
  note = 	 {Available at \texttt{https://www.ece.cmu.edu/~ee760/760docs/blif.pdf}},
  year =         1992
}

@Unpublished{benches,
  author = 	 {Minkovich, K.},
  title = 	 "{BLIF benchmark suite}",
  note = 	 {Available at \texttt{http://cadlab.cs.ucla.edu/~kirill/}}
}

@Unpublished{LGSynth91,
  author =       {Mohnke, J.},
  title  =       {A signature-based approach to formal logic verification},
  note = 	 {Available at \texttt{http://sundoc.bibliothek.uni-halle.de/diss-online/99/99H050/t8.pdf}}
}

@Unpublished{MCNC91,
  author = 	 {Yang, S.},
  title = 	 "{Logic synthesis and optimization benchmarks user guide}",
  note = 	 {Available at \texttt{http://ddd.fit.cvut.cz/prj/Benchmarks/LGSynth91.pdf}}
}

@Book{GJ:79,
  author = 	 {Garey, M.~R. and Johnson, D.~S.},
  title = 	 {Computers and Intractability: A Guide to the Theory of NP-Completeness},
  publisher = 	 {W.H. Freeman},
  year = 	 1979}

@Article{GHH+:96,
  author = 	 {Goldschmidt, O. and Hochbaum, D.~S. and Hurkens, C.~A.~J. and Yu, G.},
  title = 	 {Approximation Algorithms for the $k$-Clique Covering Problem},
  journal = 	 {SIAM J. Discrete Math},
  year = 	 1996,
  volume = 	 9,
  number = 	 3,
  pages = 	 {492--509}}

@Article{KPF:2006,
  author =     "Kowada, L.~A.~B. and Portugal, R. and {de Figueiredo}, C.~M.~H.",
  title =      "Reversible Karatsuba's algorithm",
  journal =    "Journal of Universal Computer Science",
  year =       "2006",
  volume =     "12",
  number =     "5",
  pages =      "499--511",
}

@Article{SS:2015,
  author = 	 {Shepley, K. and Steinwandt, R.},
  title = 	 "{Quantum circuits for $GF(2^n)$-multiplication with subquadratic gate count}",
  journal = 	 {Quantum Information Processing},
  year = 	 2015,
  volume = 	 14,
  number = 	 7,
  pages = 	 {2373--2386}}

@Article{LS:90,
  author = 	 {Levine, R.~Y. and Sherman, A.~T.},
  title = 	 "{A note on Bennett's space-time tradeoff for reversible computation}",
  journal = 	 {SIAM J. Comput.},
  year = 	 1990,
  volume = 	 19,
  number = 	 4,
  pages = 	 {673--677}}

@inproceedings{BCC+:2014,
  author    = {Berry, D.~W. and Childs, A.~M. and Cleve, R. and Kothari, R. and Somma, R.~D.},
  title     = "{Exponential improvement in precision for simulating sparse Hamiltonians}",
  booktitle = {Symposium on Theory of Computing, (STOC'14)},
  pages     = {283--292},
  year      = {2014}
}

@InProceedings{Grover:96,
  author =       "Grover, L.",
  title =        "{A fast quantum mechanical algorithm for database
                  search}",
  booktitle =    "Proceedings of the Symposium on Theory of 
		  Computing (STOC'96)",
  year =         1996,
  publisher =    "ACM Press",
  pages =        "212--219"
}

@book{MFC:2011,
    author    = "{Tzvetan S.} Metodi and {Arvin I.} Faruque and {Frederic T.} Chong",
    title     = "{Quantum computing for computer architects}",
    year      = 2011,
    publisher = "Morgan \& Claypool Publishers",
    series    = "Series: Synthesis Lectures on Computer Architecture",
    edition = "2nd",
    address   = "Reading, Massachusetts"
}

@Article{Kempe:2003,
  author = 	 {Kempe, J.},
  title = 	 {Quantum random walks - an introductory overview},
  journal = 	 {Contemporary Physics},
  year = 	 2003,
  volume = 	 44,
  number = 	 4,
  pages = 	 {307--327}}

@InProceedings{KBD+:2013,
  author = 	 {Kudrow, D. and Bier, K. and Deng, Z. and Franklin, D. and Tomita, Y. and Brown, K.~R. and Chong, F.~T.},
  title = 	 {Quantum rotations: a case study in static and dynamic machine-code generation for quantum computers},
  booktitle = {Proceedings of the 40th Annual Symposium on Computer Architecture (ISCA'13)},
  year = 	 2013,
  pages = 	 {166--176},
  publisher = {ACM}}

@article{HHL:2009,
  title={Quantum algorithm for linear systems of equations},
  author={Harrow, Aram W and Hassidim, Avinatan and Lloyd, Seth},
  journal={Physical Review Letters},
  volume={103},
  number={15},
  pages={150502},
  year={2009},
  publisher={APS}
}

@ARTICLE{Stea96,
 author={Steane, Andrew~M.},
 title={Multiple Particle Interference and Quantum Error Correction},
 journal={Proc. R. Soc. Lond. A},
 volume={452},
 year={1996},
 pages={2551--2576},
 note={quant-ph/9601029},
}

@ARTICLE{Stea03b,
 author={Steane, Andrew~M.},
 title={Overhead and noise threshold of fault-tolerant quantum error correction},
 journal={Phys. Rev. A},
 volume={68},
 year={2003},
 pages={042322},
 note={quant-ph/0207119},
}

@ARTICLE{Fowl12f,
 author={Fowler, Austin~G. and Mariantoni, Matteo and Martinis, John~M. and Cleland, Andrew~N.},
 title={Surface codes: Towards practical large-scale quantum computation},
 journal={Phys. Rev. A},
 volume={86},
 year={2012},
 pages={032324},
 note={arXiv:1208.0928},
}

@Article{DKL+:2002,
  author = 	 {Dennis, E. and Kitaev, A. and Landahl, A. and Preskill, J.},
  title = 	 {Topological quantum memory},
  journal = 	 {J.~Math.~Phys.},
  year = 	 2002,
  volume = 	 43,
  pages = 	 {4452--4505}}

@article{FLW:2002,
author = {Freedman, Michael and Larsen, Michael and Wang, Zhenghan},
title ={A modular functor which is universal for quantum computation},
journal = {Comm. Math. Phys.},
volume ={227(3)},
pages = {605--622},
year = 2002
}

@article{NSF+:2008,
author = {Nayak, Chetan and Stern, Ady and Freedman, Michael~H. and {Das Sarma}, Sankar},
title ={Non-abelian anyons and topological quantum computation},
journal = {Reviews of Modern Physics},
volume ={80},
number = {3}, 
pages = {1083--1159},
year = 2008
}

@article{Selinger:2012,
archivePrefix = {arXiv},
arxivId = {1212.6253},
author = {Selinger, Peter},
eprint = {1212.6253},
keywords = {Main,SingleQubit},
mendeley-tags = {Main,SingleQubit},
month = dec,
title = {{Efficient Clifford+T approximation of single-qubit operators}},
year = {2012}
}
@article{KMM:2012,
archivePrefix = {arXiv},
arxivId = {1212.6964},
author = {Kliuchnikov, Vadym and Maslov, Dmitri and Mosca, Michele},
eprint = {1212.6964},
file = {:C\:/Users/vadym/Downloads/IEEE-T-opt.007.pdf:pdf},
keywords = {Main,Own,SingleQubit},
mendeley-tags = {Main,Own,SingleQubit},
month = dec,
title = {{Practical approximation of single-qubit unitaries by single-qubit quantum Clifford and T circuits}},
year = {2012}
}

@ARTICLE{Amy:2013, 
author={Amy, M. and Maslov, D. and Mosca, M. and Roetteler, M.}, 
journal={Computer-Aided Design of Integrated Circuits and Systems, IEEE Transactions on}, 
title={A Meet-in-the-Middle Algorithm for Fast Synthesis of Depth-Optimal Quantum Circuits}, 
year={2013}, 
volume={32}, 
number={6}, 
pages={818-830}, 
month={June},}

@Book{vMeter:2014,
  author = 	 {{van Meter}, R.},
  title = 	 {Quantum Networking},
  publisher = 	 {John Wiley \& Sons},
  year = 	 2014}

@inproceedings{vMNM+:2006,
  author    = {{van Meter}, R. and Nemoto, K. and Munro, W.~J. and Itoh, K.~M.},
  title     = {Distributed arithmetic on a quantum multicomputer},
  booktitle = {33rd International Symposium on Computer Architecture {(ISCA} 2006),
               June 17-21, 2006, Boston, MA, {USA}},
  pages     = {354--365},
  year      = 2006,
}


@inproceedings{PF:2015,
  author    = {Polian, I. and Fowler, A.~G.},
  title     = {Design automation challenges for scalable quantum architectures},
  booktitle = {Proceedings of the 52nd Annual Design Automation Conference, San Francisco,
               CA, USA, June 7-11, 2015},
  pages     = {61:1--61:6},
  year      = {2015},
}

@Article{HFD+:2012,
  author = 	 {Horsman, C. and Fowler, A.~G. and Devitt, S. and {Van Meter}, R.},
  title = 	 {Surface code quantum computing by lattice surgery},
  journal = 	 {New J. Phys},
  year = 	 2012,
  volume = 	 14,
  pages = 	 123011}

@Unpublished{LB:2015,
  author = 	 {Ying Li, Simon C. Benjamin},
  title = 	 {Hierarchical surface code for network quantum computing with modules of arbitrary size},
  note = 	 {Arxiv preprint arXiv:1509.07796},
  year = 	 2015}

@Article{TS:2014,
  journal = 	 {Phys. Rev. A},
  title = 	 {Low-distance surface codes under realistic quantum noise},
  author = 	 {Tomita, Y. and Svore, K.~M. },
  year = 	 2014,
  volume = 	 90,
  pages = 	 062320}

@Unpublished{PF:2013,
  author = 	 {Paetznick, A. and Fowler, A.~G.},
  title = 	 {Quantum circuit optimization by topological compaction in the surface code },
  note = 	 {Arxiv preprint arXiv:1304.2807},
  year = 	 2013}


@Article{HG:2015,
  author = 	 {Hastings, M.~B. and Geller, A.},
  title = 	 {Reduced Space-Time and Time Costs Using Dislocation Codes and Arbitrary Ancillas},
  journal = 	 {Quantum Information and Computation},
  year = 	 2015,
  volume = 	 15,
  pages = 	 {962--986}}

@article{PRS15,
  author    = {Alex Parent and Martin Roetteler and Krysta M. Svore},
  title     = {Reversible circuit compilation with space constraints},
  journal   = {arXiv},
  volume    = {1510.00377},
  year      = 2015
}

@article{HRS16,
  author    = {Thomas H{\"a}ner and Martin Roetteler and Krysta M. Svore},
  title     = {Factoring using 2n+2 qubits with Toffoli based modular multiplication},
  journal   = {arXiv},
  volume    = {1611.07995},
  year      = 2016
}

@article{ARS16,
  author    = {Matthew Amy and Martin Roetteler and Krysta M. Svore},
  title     = {Verified compilation of space-efficient reversible circuits},
  journal   = {arXiv},
  volume    = {1603.01635},
  note      = {Software available at github.com/msr-quarc/ReVerC}
  year      = 2016
}

@inproceedings{SRWD:2017,
  author    = {Soeken, Mathias and Roetteler, Martin and Wiebe, Nathan, and {De Micheli}, Giovanni},
  title     = {Design automation and design space exploration for quantum computers},
  booktitle = {Proceedings DATE'17},
  note     = {accepted for publication},
  year      = {2017}
}

@inproceedings{VMH:2007,
  author    = {George F. Viamontes, Igor L. Markov, John P. Hayes},
  title     = {Checking equivalence of quantum circuits and states},
  booktitle = {Proceedings ICCAD'07},
  pages     = {69--74},
  year      = {2007}
}


@Article{BCS:2003,
  author = 	 {Bettelli, S. and Calarco, T. and Serafini, L.},
  title = 	 {Toward an architecture for quantum programming.},
  journal = 	 {European Physics D},
  year = 	 2003,
  volume = 	 25,
  number = 	 2,
  pages = 	 {181--200}}


